@online{
DOM:JSOUP,
title="{jsoup}",
author="{jsoup.org}",
year={2012},
url={http://jsoup.org}
}

@online{
MS:SID,
title="{Well-known SIDs}",
author="{Microsoft}",
year={2012},
url={http://msdn.microsoft.com/en-us/library/windows/desktop/aa379649(v=vs.85).aspx}
}


